<record xmlns="http://www.loc.gov/MARC21/slim" xmlns:xsi="http://www.w3.org/2001/XMLSchema-instance" xsi:schemaLocation="http://www.loc.gov/MARC21/slim http://www.loc.gov/standards/marcxml/schema/MARC21slim.xsd"><leader>02183nam a2200409   4500</leader><controlfield tag="001">1933368</controlfield><controlfield tag="003">NIC</controlfield><controlfield tag="006">m        d        </controlfield><controlfield tag="007">cr cn |||m|||a</controlfield><controlfield tag="008">150116s1882    le      o     000 0 arard</controlfield><datafield ind1=" " ind2=" " tag="040"><subfield code="a">NNU</subfield><subfield code="b">eng</subfield><subfield code="e">rda</subfield><subfield code="c">NNU</subfield></datafield><datafield ind1=" " ind2="4" tag="050"><subfield code="a">PJ6145.D86</subfield><subfield code="b">A28 1882</subfield></datafield><datafield ind1="1" ind2=" " tag="100"><subfield code="6">880-01</subfield><subfield code="a">Ah&#803;dab, Ibra&#772;hi&#772;m,</subfield><subfield code="d">1826-1891.</subfield></datafield><datafield ind1="1" ind2="0" tag="240"><subfield code="6">880-02</subfield><subfield code="a">Ibda&#772;&#699; al-ibda&#772;&#697; li-fath&#803; abwa&#772;b al-Bina&#772;&#697;</subfield></datafield><datafield ind1="1" ind2="0" tag="245"><subfield code="6">880-03</subfield><subfield code="a">Kita&#772;b Ibda&#772;&#699; al-ibda&#772;&#697; li-fath&#803; abwa&#772;b al-Bina&#772;&#697; fi&#772; al-tas&#803;ri&#772;f /</subfield><subfield code="c">li-mu&#697;allifihi al-Shaykh Ibra&#772;hi&#772;m al-Ah&#803;dab.</subfield></datafield><datafield ind1="3" ind2=" " tag="246"><subfield code="6">880-04</subfield><subfield code="a">Ibda&#772;&#699; al-ibda&#772;&#697; li-fath&#803; abwa&#772;b al-Bina&#772;&#697;</subfield></datafield><datafield ind1=" " ind2=" " tag="260"><subfield code="6">880-05</subfield><subfield code="a">Bayru&#772;t :</subfield><subfield code="b">Mat&#803;ba&#699;at Jam&#699;i&#772;yat al-Funu&#772;n,</subfield><subfield code="c">1299 [1882]</subfield></datafield><datafield ind1=" " ind2=" " tag="300"><subfield code="a">online resource (135 pages)</subfield></datafield><datafield ind1=" " ind2=" " tag="336"><subfield code="a">text</subfield><subfield code="2">rdacontent</subfield></datafield><datafield ind1=" " ind2=" " tag="337"><subfield code="a">computer</subfield><subfield code="2">rdamedia</subfield></datafield><datafield ind1=" " ind2=" " tag="338"><subfield code="a">online resource</subfield><subfield code="2">rdacarrier</subfield></datafield><datafield ind1=" " ind2=" " tag="500"><subfield code="a">Part of the Arabic Collections Online (ACO) project, contributed by Cornell University Libraries.</subfield></datafield><datafield ind1=" " ind2=" " tag="533"><subfield code="a">Electronic reproduction.</subfield><subfield code="b">New York, N.Y. :</subfield><subfield code="c">New York University,</subfield><subfield code="d">2015.</subfield><subfield code="5">NNU</subfield></datafield><datafield ind1=" " ind2="0" tag="650"><subfield code="a">Arabic language</subfield><subfield code="x">Inflection.</subfield></datafield><datafield ind1="1" ind2="0" tag="600"><subfield code="6">880-06</subfield><subfield code="a">Dunquzi&#772;, &#699;Abd Alla&#772;h,</subfield><subfield code="d">active 17th century.</subfield><subfield code="t">Bina&#772;&#697;. </subfield></datafield><datafield ind1="2" ind2=" " tag="710"><subfield code="a">Cornell University.</subfield><subfield code="b">Libraries.</subfield></datafield><datafield ind1="0" ind2=" " tag="730"><subfield code="a">Arabic Collections Online.</subfield></datafield><datafield ind1="0" ind2="8" tag="776"><subfield code="i">Print version:</subfield><subfield code="a">Ah&#803;dab, Ibra&#772;hi&#772;m, 1826-1891.</subfield><subfield code="t">Kita&#772;b Ibda&#772;&#699; al-ibda&#772;&#697; li-fath&#803; abwa&#772;b al-Bina&#772;&#697; fi&#772; al-tas&#803;ri&#772;f</subfield><subfield code="w">(NIC)1933368</subfield><subfield code="w">(OCoLC)11293466</subfield></datafield><datafield ind1="4" ind2="0" tag="856"><subfield code="u">http://hdl.handle.net/2333.1/mcvdnfs4</subfield></datafield><datafield ind1="1" ind2=" " tag="880"><subfield code="6">100-01/r</subfield><subfield code="a">&#1575;&#1581;&#1583;&#1576;&#1548; &#1575;&#1576;&#1585;&#1575;&#1607;&#1610;&#1605;&#1548;</subfield><subfield code="d">1826-1891.</subfield></datafield><datafield ind1="1" ind2="0" tag="880"><subfield code="6">240-02/r</subfield><subfield code="a">&#1575;&#1576;&#1583;&#1575;&#1593; &#1575;&#1604;&#1575;&#1576;&#1583;&#1575; &#1604;&#1601;&#1578;&#1581; &#1575;&#1576;&#1608;&#1575;&#1576; &#1575;&#1604;&#1576;&#1606;&#1575;</subfield></datafield><datafield ind1="1" ind2="0" tag="880"><subfield code="6">245-03/r</subfield><subfield code="a">&#1603;&#1578;&#1575;&#1576; &#1575;&#1576;&#1583;&#1575;&#1593; &#1575;&#1604;&#1575;&#1576;&#1583;&#1575; &#1604;&#1601;&#1578;&#1581; &#1575;&#1576;&#1608;&#1575;&#1576; &#1575;&#1604;&#1576;&#1606;&#1575; &#1601;&#1610; &#1575;&#1604;&#1578;&#1589;&#1585;&#1610;&#1601; /</subfield><subfield code="c">&#1604;&#1605;&#1604;&#1601;&#1607; &#1575;&#1604;&#1588;&#1610;&#1582; &#1575;&#1576;&#1585;&#1575;&#1607;&#1610;&#1605; &#1575;&#1604;&#1575;&#1581;&#1583;&#1576;.</subfield></datafield><datafield ind1="3" ind2=" " tag="880"><subfield code="6">246-04/r</subfield><subfield code="a">&#1575;&#1576;&#1583;&#1575;&#1593; &#1575;&#1604;&#1575;&#1576;&#1583;&#1575; &#1604;&#1601;&#1578;&#1581; &#1575;&#1576;&#1608;&#1575;&#1576; &#1575;&#1604;&#1576;&#1606;&#1575;</subfield></datafield><datafield ind1=" " ind2=" " tag="880"><subfield code="6">260-05/r</subfield><subfield code="a">&#1576;&#1610;&#1585;&#1608;&#1578; :</subfield><subfield code="b">&#1605;&#1591;&#1576;&#1593;&#1577; &#1580;&#1605;&#1593;&#1610;&#1577; &#1575;&#1604;&#1601;&#1606;&#1608;&#1606;&#1548;</subfield><subfield code="c">1299 [1882]</subfield></datafield><datafield ind1="1" ind2="4" tag="880"><subfield code="6">600-06/r</subfield><subfield code="a">&#1583;&#1606;&#1602;&#1586;&#1610;&#1548; &#1593;&#1576;&#1583; &#1575;&#1604;&#1604;&#1607;&#1548;</subfield><subfield code="d">active 17th century. </subfield><subfield code="t">&#1576;&#1606;&#1575;. </subfield></datafield><datafield ind1=" " ind2=" " tag="959"><subfield code="a">NNU</subfield><subfield code="b">WEB</subfield><subfield code="c">GENI</subfield><subfield code="t">0</subfield><subfield code="m">Electronic access</subfield><subfield code="s">01</subfield></datafield><datafield ind1=" " ind2=" " tag="999"><subfield code="i">NIC_1933368</subfield><subfield code="o">(OCoLC)ocm11293466</subfield></datafield></record>